%% Created using Papers on Fri, 16 Dec 2016.
%% http://papersapp.com/papers/

@article{Lee:2002jm,
author = {Lee, Tong Ihn and Rinaldi, Nicola J and Robert, Fran{\c c}ois and Odom, Duncan T and Bar-Joseph, Ziv and Gerber, Georg K and Hannett, Nancy M and Harbison, Christopher T and Thompson, Craig M and Simon, Itamar and Zeitlinger, Julia and Jennings, Ezra G and Murray, Heather L and Gordon, D Benjamin and Ren, Bing and Wyrick, John J and Tagne, Jean-Bosco and Volkert, Thomas L and Fraenkel, Ernest and Gifford, David K and Young, Richard A},
title = {{Transcriptional Regulatory Networks in Saccharomyces cerevisiae}},
journal = {Science},
year = {2002},
volume = {298},
number = {5594},
pages = {799--804},
month = oct
}

@article{Kato:2004is,
author = {Kato, Mamoru and Hata, Naoya and Banerjee, Nilanjana and Futcher, Bruce and Zhang, Michael Q},
title = {{Identifying combinatorial regulation of transcription factors and binding motifs}},
journal = {Genome biology},
year = {2004},
volume = {5},
number = {8},
pages = {R56},
month = jul
}

@article{Kundaje:2007hs,
author = {Kundaje, Anshul and Lianoglou, Steve and Li, Xuejing and Quigley, David and Arias, Marta and Wiggins, Chris H and Zhang, Li and Leslie, Christina},
title = {{Learning regulatory programs that accurately predict differential expression with MEDUSA.}},
journal = {Annals of the New York Academy of Sciences},
year = {2007},
volume = {1115},
number = {1},
pages = {178--202},
month = dec
}

@article{Dobi:2007eo,
author = {Dobi, Krista C and Winston, Fred},
title = {{Analysis of transcriptional activation at a distance in Saccharomyces cerevisiae.}},
journal = {Molecular and cellular biology},
year = {2007},
volume = {27},
number = {15},
pages = {5575--5586},
month = aug
}

@article{deBoer:2011ic,
author = {de Boer, Carl G and Hughes, Timothy R},
title = {{YeTFaSCo: a database of evaluated yeast transcription factor sequence specificities}},
journal = {Nucleic Acids Research},
year = {2011},
volume = {40},
number = {D1},
pages = {gkr993--D179},
month = nov
}

@article{Bradbury:2016ul,
author = {Bradbury, James and Merity, Stephen and Xiong, Caiming and Socher, Richard},
title = {{Quasi-Recurrent Neural Networks}},
journal = {arXiv.org},
year = {2016},
eprint = {1611.01576v2},
eprinttype = {arxiv},
eprintclass = {cs.NE},
month = nov
}

@article{Shrikumar:2016uya,
author = {Shrikumar, Avanti and Greenside, Peyton and Shcherbina, Anna and Kundaje, Anshul},
title = {{Not Just a Black Box: Learning Important Features Through Propagating Activation Differences}},
journal = {arXiv.org},
year = {2016},
eprint = {1605.01713v2},
eprinttype = {arxiv},
eprintclass = {cs.LG},
month = may
}

%% Created using Papers on Fri, 16 Dec 2016.
%% http://papersapp.com/papers/

@article{Middendorf:2007ks,
author = {Middendorf, Manuel and Kundaje, Anshul and Shah, Mihir and Freund, Yoav and WIGGINS, CHRIS H and Leslie, Christina},
title = {{Motif Discovery through Predictive Modeling of Gene Regulation}},
journal = {arXiv.org},
year = {2007},
eprint = {q-bio/0701021v1},
eprinttype = {arxiv},
eprintclass = {q-bio.GN},
month = jan
}

@article{Middendorf:2004gta,
author = {Middendorf, Manuel and Kundaje, Anshul and Wiggins, Chris and Freund, Yoav and Leslie, Christina},
title = {{Predicting genetic regulatory response using classification}},
journal = {Bioinformatics},
year = {2004},
volume = {20},
number = {suppl 1},
pages = {i232--i240},
month = aug
}

@article{Ruan:2005dd,
author = {Ruan, Jianhua and Zhang, Weixiong},
title = {{CAGER: classification analysis of gene expression regulation using multiple information sources | BMC Bioinformatics | Full Text}},
journal = {BMC bioinformatics},
year = {2005},
volume = {6},
number = {1},
pages = {114}
}

@article{Frohler:2007fy,
author = {Fr{\"o}hler, Sebastian and Kramer, Stefan},
title = {{Inductive logic programming for gene regulation prediction}},
journal = {Machine Learning},
year = {2007},
volume = {70},
number = {2-3},
pages = {225--240},
month = nov
}

@article{Ruan:2006hl,
author = {Ruan, Jianhua and Zhang, Weixiong},
title = {{A bi-dimensional regression tree approach to the modeling of gene expression regulation.}},
journal = {Bioinformatics},
year = {2006},
volume = {22},
number = {3},
pages = {332--340},
month = feb
}

@article{Alipanahi:2015fb,
author = {Alipanahi, Babak and Delong, Andrew and Weirauch, Matthew T and Frey, Brendan J},
title = {{Predicting the sequence specificities of DNA- and RNA-binding proteins by deep learning.}},
journal = {Nature Biotechnology},
year = {2015},
volume = {33},
number = {8},
pages = {831--838},
month = aug
}

@article{Kelley:2016bv,
author = {Kelley, David R and Snoek, Jasper and Rinn, John L},
title = {{Basset: learning the regulatory code of the accessible genome with deep convolutional neural networks.}},
journal = {Genome research},
year = {2016},
volume = {26},
number = {7},
pages = {990--999},
month = jul
}

@article{Quang:2016jt,
author = {Quang, Daniel and Xie, Xiaohui},
title = {{DanQ: a hybrid convolutional and recurrent deep neural network for quantifying the function of DNA sequences.}},
journal = {Nucleic Acids Research},
year = {2016},
volume = {44},
number = {11},
pages = {e107--e107},
month = jun
}



